<?xml version="1.0" encoding="UTF-8"?><record xmlns="http://www.loc.gov/MARC21/slim" xmlns:cinclude="http://apache.org/cocoon/include/1.0" xmlns:zs="http://www.loc.gov/zing/srw/">
  <leader>00356cz  a2200133n  4500</leader>
  <controlfield tag="001">n 2008203639</controlfield>
  <controlfield tag="003">DLC</controlfield>
  <controlfield tag="005">20080319080906.0</controlfield>
  <controlfield tag="008">080318n| acannaabn          |a aaa      </controlfield>
  <datafield tag="010" ind1=" " ind2=" ">
    <subfield code="a">n 2008203639</subfield>
  </datafield>
  <datafield tag="040" ind1=" " ind2=" ">
    <subfield code="a">DLC</subfield>
    <subfield code="b">eng</subfield>
    <subfield code="c">DLC</subfield>
  </datafield>
  <datafield tag="100" ind1="1" ind2=" ">
    <subfield code="a">Misra, Srinivas</subfield>
  </datafield>
  <datafield tag="400" ind1="0" ind2=" ">
    <subfield code="a">Srinivas Misra</subfield>
  </datafield>
  <datafield tag="670" ind1=" " ind2=" ">
    <subfield code="a">Misra, Sarat. Orchids of India, 2007:</subfield>
    <subfield code="b">t.p. (Srinivas Misra, I.I.S.)</subfield>
  </datafield>
</record>